<?xml version="1.0" encoding="UTF-8"?><collection xmlns="http://www.loc.gov/MARC21/slim"><record><leader>00418nam--2200121-i-4500</leader><controlfield tag="001">000047817</controlfield><controlfield tag="002">20161230</controlfield><controlfield tag="005">20161230201046</controlfield><controlfield tag="008">060222s1000------------r-----000-0-eng-d</controlfield><datafield ind1=" " ind2=" " tag="100"><subfield code="a">Wright, Quincy, Cottrell And Boasson</subfield></datafield><datafield ind1=" " ind2=" " tag="245"><subfield code="a">Research for peace. essays. with a review of the contest contributions by ingemund gullvag</subfield></datafield><datafield ind1=" " ind2=" " tag="260"><subfield code="a">Amsterdam, Northolland, 1954, Xii + 296p. (Results Of A Prize Contest)</subfield></datafield><datafield ind1=" " ind2=" " tag="852"><subfield code="a">12138</subfield></datafield></record></collection>